<?xml version="1.0" encoding="UTF-8"?><collection><record><leader>07416ntm a2200673 a 4500</leader><controlfield tag="001">006071537</controlfield><controlfield tag="003">MiAaHDL</controlfield><controlfield tag="005">20190719000000.0</controlfield><controlfield tag="006">m        d        </controlfield><controlfield tag="007">cr bn ---auaua</controlfield><controlfield tag="008">090413s1545    xx            00| ||ara d</controlfield><datafield tag="035" ind1=" " ind2=" "><subfield code="a">(MiU)006071537</subfield></datafield><datafield tag="035" ind1=" " ind2=" "><subfield code="a">sdr-miu006071537</subfield></datafield><datafield tag="040" ind1=" " ind2=" "><subfield code="a">MiU</subfield><subfield code="c">MiU</subfield><subfield code="e">amremm</subfield></datafield><datafield tag="043" ind1=" " ind2=" "><subfield code="a">n-us-mi</subfield></datafield><datafield tag="100" ind1="1" ind2=" "><subfield code="6">880-01</subfield><subfield code="a">Shiblī, Muḥammad ibn ʻAbd Allāh,</subfield><subfield code="d">1312-1367.</subfield></datafield><datafield tag="240" ind1="1" ind2="0"><subfield code="6">880-02</subfield><subfield code="a">Yanābīʻ fī maʻrifat al-uṣūl wa-al-tafārīʻ</subfield></datafield><datafield tag="245" ind1="1" ind2="0"><subfield code="6">880-03</subfield><subfield code="a">Kitāb al-Yanābīʻ fī maʻrifat al-uṣūl wa-al-tafārīʻ,</subfield><subfield code="f">[952, i.e. 1545].</subfield></datafield><datafield tag="246" ind1="3" ind2=" "><subfield code="6">880-06</subfield><subfield code="i">Τitle οn table of contents page:</subfield><subfield code="a">Kitāb Yanābīʻ</subfield></datafield><datafield tag="246" ind1="3" ind2=" "><subfield code="6">880-05</subfield><subfield code="i">Edge title:</subfield><subfield code="a">Yanābīʻ</subfield></datafield><datafield tag="246" ind1="3" ind2=" "><subfield code="6">880-04</subfield><subfield code="i">Title on front flyleaf:</subfield><subfield code="a">Kitāb al-Yanābīʻ</subfield></datafield><datafield tag="260" ind1=" " ind2=" "><subfield code="c">[1545]</subfield></datafield><datafield tag="300" ind1=" " ind2=" "><subfield code="a">171 leaves :</subfield><subfield code="b">paper ;</subfield><subfield code="c">256 x 182 (194 x 119) mm. bound to 260 x 184 mm.</subfield></datafield><datafield tag="500" ind1=" " ind2=" "><subfield code="a">Shelfmark: Ann Arbor, University of Michigan, Special Collections Library, Isl. Ms. 61</subfield></datafield><datafield tag="500" ind1=" " ind2=" "><subfield code="a">Origin: As appears in colophon, copied by Dāwud ibn ʻAlī. Transcription finished ("qad faragha hādhā al-kitāb al-sharīf min taḥrīrih ʻan yad...") in the middle of Rajab 952 [September 1545].</subfield></datafield><datafield tag="500" ind1=" " ind2=" "><subfield code="a">Former Shelfmark: British Museum, London "No. 133. Al-Yanabi"</subfield></datafield><datafield tag="500" ind1=" " ind2=" "><subfield code="a">Binding: Pasteboards covered in brown leather; Type II binding (with flap); blind-tooled floral decoration forms central motif in diamond shape; four-pointed stars at diamond points; in poor condition.</subfield></datafield><datafield tag="500" ind1=" " ind2=" "><subfield code="a">Support: Non-European (perhaps Persian) laid paper, with obvious undissolved fibers and inclusions; in early quires paper is quite damaged with evidence of repair; in later quires smoother with more distinct laid lines; flyleaves and pastedowns are of European paper with three crescents watermark.</subfield></datafield><datafield tag="500" ind1=" " ind2=" "><subfield code="a">Decoration: Red-ruled borders surrounding written area and portions of the marginal commentary; section headings and words introducing quotes rubricated; other words rubricated and overlined for emphasis; notabilia (side-heads) such as المهمة and مطلب appear in red in stylized script.</subfield></datafield><datafield tag="500" ind1=" " ind2=" "><subfield code="a">Script: Naskh; clear Turkish or Persianate hand in a medium line; mainly serifless with slight effect of inclination to the left and of words descending to baseline, pointing often in conjoined dots, nūn tall with narrow bowl and point nearly assimilated; occasionally vocalized in black and red ink; same hand throughout except for marginal commentary in varying hands.</subfield></datafield><datafield tag="500" ind1=" " ind2=" "><subfield code="a">Layout: Written in 25 lines per page; much marginal commentary.</subfield></datafield><datafield tag="500" ind1=" " ind2=" "><subfield code="a">Collation: 5 V (50), VI (62), 2 V (82), IV (90), 7 V (160), V+1 (171) ; chiefly quinions; catchwords present; foliated through 119 (foliation appears to have been lost with trimming of the following leaves) skipping initial leaf with table of contents page and incipt page; pagination in pencil added later, Western numerals; lacunae of fol. 62b, 65b, 87a, and 87b (inked foliation) marked بياض صحيح; other partial lacunae on fol. 68b and 71b unmarked.</subfield></datafield><datafield tag="500" ind1=" " ind2=" "><subfield code="a">Colophon: "Scribal," triangular, reads: "تم الكتاب بعون الله تع وقد فرغ من هذا الكتاب الشريف من تحريره عن يد عبد الضعيف المذنب المحتاج الى رحمة ربه اللطيف داود بن علي فقير افقر انام النخيف [?] في اواسط رجب المعظم المنيف من سنة اثنى و خمسين و تسعمائة بمداد الخفيف."</subfield></datafield><datafield tag="500" ind1=" " ind2=" "><subfield code="a">Explicit: "صورته مجوسي تزوج بنته...وهذا اخر ما قصدته والحمدلله وحده وما كان عزي بتأليفه ولا غرضي بتصنيفه إلا [...] ذكر عند مطالعة ناظريه وادعي بدعاء مخلص...فلما فرغت من الكتاب واعدضت على المشايخ اشاروا الي اذكر ملماكيلا يحرم الكتاب منهما فاجبتهم الى ذلك على سبيل الاختصار امتثالا لامرهم والحمدلله رب العالمين"</subfield></datafield><datafield tag="500" ind1=" " ind2=" "><subfield code="a">Incipit: الحمدلله الذي اوضح السبيل للسالكين ونور بنوره الشاكرين وصلى الله على محمد خاتم النبيين وعلى آله واصحابه" الطاهرين وسلم تسليما كثيرا اما بعد فان القلوب مجبولة على ادخار الزاد ليوم المعاد..."</subfield></datafield><datafield tag="500" ind1=" " ind2=" "><subfield code="a">Title from text opening.</subfield></datafield><datafield tag="500" ind1=" " ind2=" "><subfield code="a">Ms. codex.</subfield></datafield><datafield tag="510" ind1="4" ind2=" "><subfield code="a">Brockelmann, C. GAL,</subfield><subfield code="c">SI 951 zu 296</subfield></datafield><datafield tag="510" ind1="4" ind2=" "><subfield code="a">Ḥājjī Khalīfah. Kashf al-ẓunūn,</subfield><subfield code="c">vol. 2, col. 1632.</subfield></datafield><datafield tag="520" ind1="8" ind2=" "><subfield code="a">al-Yanābīʻ, one of the many commentaries on the Mukhtaṣar, al-Qudūrī's compendium of law. No clear statement of authorship appears in the ms. and is perhaps disputed. A work of this title has been attributed to al-Shiblī in Ḥājjī Khalīfah with a caveat from Ibn Quṭlūbughā's Ṭabaqāt al-Ḥanafīyah indicating that al-Yanābīʻ was known to be the work of Rashīd al-Dīn Abī ʻAbd Allāh Maḥmūd ibn Ramaḍān al-Rūmī. As a result, manuscripts are attributed variously to both al-Rūmī and al-Shiblī.</subfield></datafield><datafield tag="538" ind1=" " ind2=" "><subfield code="a">Mode of access: Internet.</subfield></datafield><datafield tag="541" ind1=" " ind2=" "><subfield code="c">Purchase ;</subfield><subfield code="a">Acquired by purchase along with Abdul Hamid Collection (funds donated by Horace Rackham).</subfield><subfield code="d">1924.</subfield></datafield><datafield tag="546" ind1=" " ind2=" "><subfield code="a">Arabic.</subfield></datafield><datafield tag="561" ind1=" " ind2=" "><subfield code="a">Bookplate of the British Museum, London on inside front cover, "No. 133. Al-Yanabi"; circular seal impression with figure of goat/gazelle in purple ink as well as inscription "47" in Western numerals on recto of front flyleaf; much evidence of reading notes, some washed away; a detailed waqf statement pasted over reading notes on page containing table of contents [p.1] dated 1262 [1845 or 6] in the name of al-Sayyid ʻAbd Allāh Adīb (Abdullah Edip), known as Jannatʹzādah (Cennet-zade), qāḍī of Erzurum, accompanied by his seal, reads: "وقفت وقفا صحيحا شرعيا بشرط أن لا يخرج من بيت الكتب الذي بنيته في اتصال داري الا لعلماء نفس أرضروم بكفيل مرعى أورهن قوى و أنا الفقير السيد عبدالله أديب الشهير بجنت زاده القاضي بمدينة أرضروم في سنة اثنى وستين ومأتين وألف"</subfield></datafield><datafield tag="600" ind1="1" ind2="0"><subfield code="a">Qudūrī, Aḥmad ibn Muḥammad,</subfield><subfield code="d">972 or 973-1037.</subfield><subfield code="t">Mukhtaṣar.</subfield></datafield><datafield tag="650" ind1=" " ind2="0"><subfield code="a">Manuscripts, Arabic</subfield><subfield code="z">Michigan</subfield><subfield code="z">Ann Arbor.</subfield></datafield><datafield tag="650" ind1=" " ind2="0"><subfield code="a">Islamic law</subfield><subfield code="v">Early works to 1800.</subfield></datafield><datafield tag="650" ind1=" " ind2="0"><subfield code="a">Hanafites</subfield><subfield code="v">Early works to 1800.</subfield></datafield><datafield tag="700" ind1="1" ind2=" "><subfield code="6">880-08</subfield><subfield code="a">Rūmī, Rashīd al-Dīn Abī ʻAbd Allāh Maḥmūd ibn Ramaḍān,</subfield><subfield code="d">active 13th cent.</subfield></datafield><datafield tag="700" ind1="0" ind2=" "><subfield code="6">880-07</subfield><subfield code="a">Dāwud ibn ʻAlī,</subfield><subfield code="d">flourished 1545,</subfield><subfield code="e">scribe.</subfield></datafield><datafield tag="773" ind1="0" ind2=" "><subfield code="a">Tiflis Collection.</subfield></datafield><datafield tag="880" ind1="1" ind2=" "><subfield code="6">700-08/</subfield><subfield code="a">رومي, رشيد الدين أبي عبد الله محمود بن رمضان.</subfield></datafield><datafield tag="880" ind1="0" ind2=" "><subfield code="6">700-07/</subfield><subfield code="a">داود بن علي,</subfield><subfield code="e">ناسخ.</subfield></datafield><datafield tag="880" ind1="3" ind2=" "><subfield code="6">246-06/</subfield><subfield code="a">كتاب ينابيع</subfield></datafield><datafield tag="880" ind1="3" ind2=" "><subfield code="6">246-05/</subfield><subfield code="a">ينابيع</subfield></datafield><datafield tag="880" ind1="3" ind2=" "><subfield code="6">246-04/</subfield><subfield code="a">كتاب الينابيع</subfield></datafield><datafield tag="880" ind1="1" ind2="0"><subfield code="6">245-03/</subfield><subfield code="a">[كتاب الينابيع في معرفة الأصول والتفاريع,</subfield><subfield code="f">[952ه, 1545م].</subfield></datafield><datafield tag="880" ind1="1" ind2="0"><subfield code="6">240-02/</subfield><subfield code="a">ينابيع في معرفة الأصول والتفاريع</subfield></datafield><datafield tag="880" ind1="1" ind2=" "><subfield code="6">100-01/</subfield><subfield code="a">شبلي، محمد بن عبد الله.</subfield></datafield><datafield tag="CID" ind1=" " ind2=" "><subfield code="a">006071537</subfield></datafield><datafield tag="DAT" ind1="0" ind2=" "><subfield code="a">20190719102634.0</subfield><subfield code="b">20190719000000.0</subfield></datafield><datafield tag="DAT" ind1="1" ind2=" "><subfield code="a">20190719090653.0</subfield><subfield code="b">2019-07-19T16:11:13Z</subfield></datafield><datafield tag="DAT" ind1="2" ind2=" "><subfield code="a">2015-10-10T18:00:06Z</subfield></datafield><datafield tag="CAT" ind1=" " ind2=" "><subfield code="a">SDR-MIU</subfield><subfield code="d">EX LIBRIS - ALEPH</subfield><subfield code="l">prepare.pl-004-008</subfield></datafield><datafield tag="FMT" ind1=" " ind2=" "><subfield code="a">BK</subfield></datafield><datafield tag="HOL" ind1=" " ind2=" "><subfield code="0">sdr-miu006071537</subfield><subfield code="a">MiU</subfield><subfield code="b">SDR</subfield><subfield code="c">MIU</subfield><subfield code="p">mdp.39015079125087</subfield><subfield code="s">MIU</subfield><subfield code="1">006071537</subfield></datafield><datafield tag="974" ind1=" " ind2=" "><subfield code="b">MIU</subfield><subfield code="c">MIU</subfield><subfield code="d">20190719</subfield><subfield code="s">lit-dlps-dc</subfield><subfield code="u">mdp.39015079125087</subfield><subfield code="y">1545</subfield><subfield code="r">pd</subfield><subfield code="q">bib</subfield><subfield code="t">non-US bib date1 &lt; 1896</subfield></datafield></record></collection>